@misc{NWPUThesisLaTeXTemplate,
title={LaTeX-Template-For-NPU-Thesis},
author={Shangkun Shen},
year={2016},
month={05}}

@article{knuth1986the,
title={The TeXbook},
author={Knuth, Donald E},
year={1986}}

@article{lamport1989latex:,
title={Latex: a document preparation system},
author={Lamport, Leslie},
year={1989}}

@inproceedings{salva2003multi,
	title={Multi-cluster protocol for ad hoc mobile underwater acoustic networks},
	author={Salva-Garau, Francisco and Stojanovic, Milica},
	booktitle={OCEANS 2003. Proceedings},
	volume={1},
	pages={91--98},
	year={2003},
	organization={IEEE}
}

@inproceedings{mao2016ltm,
	title={LTM-MAC: A location-based TDMA MAC protocol for mobile underwater networks},
	author={Mao, Jia and Chen, Shumin and Yu, Juntao and Gu, Yifan and Yu, Rui and Xu, Yuanxin},
	booktitle={OCEANS 2016-Shanghai},
	pages={1--5},
	year={2016},
	organization={IEEE}
}

@inproceedings{deng2017hybrid,
	title={A hybrid MAC protocol in data-collection-oriented underwater acoustic sensor networks},
	author={Deng, Min and Chen, Huifang and Xie, Lei},
	booktitle={OCEANS 2017-Aberdeen},
	pages={1--7},
	year={2017},
	organization={IEEE}
}

@article{vieira2006analysis,
	title={Analysis of aloha protocols for underwater acoustic sensor networks},
	author={Vieira, Luiz Filipe M and Kong, Jiejun and Lee, Uichin and Gerla, Mario},
	journal={Extended abstract from WUWNet},
	volume={6},
	year={2006}
}

@inproceedings{molins2007slotted,
	title={Slotted FAMA: a MAC protocol for underwater acoustic networks},
	author={Molins, Marcal and Stojanovic, Milica},
	booktitle={OCEANS 2006-Asia Pacific},
	pages={1--7},
	year={2007},
	organization={IEEE}
}

@article{noh2014dots,
	title={DOTS: A propagation delay-aware opportunistic MAC protocol for mobile underwater networks},
	author={Noh, Youngtae and Lee, Uichin and Han, Seongwon and Wang, Paul and Torres, Dustin and Kim, Jinwhan and Gerla, Mario},
	journal={IEEE Transactions on Mobile Computing},
	volume={13},
	number={4},
	pages={766--782},
	year={2014},
	publisher={IEEE}
}

@article{watfa2010uw,
	title={UW-MAC: An underwater sensor network MAC protocol},
	author={Watfa, Mohamed K and Selman, Samir and Denkilkian, Hovig},
	journal={International journal of communication systems},
	volume={23},
	number={4},
	pages={485--506},
	year={2010},
	publisher={Wiley Online Library}
}

@article{diamant2011spatial,
	title={Spatial reuse time-division multiple access for broadcast ad hoc underwater acoustic communication networks},
	author={Diamant, Roee and Lampe, Lutz},
	journal={IEEE Journal of Oceanic Engineering},
	volume={36},
	number={2},
	pages={172--185},
	year={2011},
	publisher={IEEE}
}

@inproceedings{syed2008t,
	title={T-Lohi: A new class of MAC protocols for underwater acoustic sensor networks},
	author={Syed, Affan A and Ye, Wei and Heidemann, John},
	booktitle={INFOCOM 2008. The 27th Conference on Computer Communications. IEEE},
	pages={231--235},
	year={2008},
	organization={IEEE}
}

@inproceedings{ng2008maca,
	title={MACA-U: A media access protocol for underwater acoustic networks},
	author={Ng, Hai-Heng and Soh, Wee-Seng and Motani, Mehul},
	booktitle={Global Telecommunications Conference, 2008. IEEE GLOBECOM 2008. IEEE},
	pages={1--5},
	year={2008},
	organization={IEEE}
}

@inproceedings{xie2009aqua,
	title={Aqua-Sim: An NS-2 based simulator for underwater sensor networks},
	author={Xie, Peng and Zhou, Zhong and Peng, Zheng and Yan, Hai and Hu, Tiansi and Cui, Jun-Hong and Shi, Zhijie and Fei, Yunsi and Zhou, Shengli},
	booktitle={OCEANS 2009, MTS/IEEE biloxi-marine technology for our future: global and local challenges},
	pages={1--7},
	year={2009},
	organization={IEEE}
}

@inproceedings{chirdchoo2007aloha,
	title={Aloha-based MAC protocols with collision avoidance for underwater acoustic networks},
	author={Chirdchoo, Nitthita and Soh, W-S and Chua, Kee Chaing},
	booktitle={INFOCOM 2007. 26th IEEE International Conference on Computer Communications. IEEE},
	pages={2271--2275},
	year={2007},
	organization={IEEE}
}

@inproceedings{freitag2005whoi,
	title={The WHOI micro-modem: An acoustic communications and navigation system for multiple platforms},
	author={Freitag, Lee and Grund, Matthew and Singh, Sandipa and Partan, James and Koski, Peter and Ball, Keenan},
	booktitle={OCEANS, 2005. Proceedings of MTS/IEEE},
	pages={1086--1092},
	year={2005},
	organization={IEEE}
}

@article{acar2006acmenet,
	title={ACMENet: an underwater acoustic sensor network protocol for real-time environmental monitoring in coastal areas},
	author={Acar, G and Adams, AE},
	journal={IEE Proceedings-Radar, Sonar and Navigation},
	volume={153},
	number={4},
	pages={365--380},
	year={2006},
	publisher={IET}
}

@article{van2000roblinks,
	title={The roblinks underwater acoustic communication experiments},
	author={van Gijzen, Martin B and Van Walree, PA and Cano, D and Passerieux, JM and Waldhorst, A and Weber, RB and Maillard, C},
	year={2000},
	publisher={Office for Official Publications of the European Communities}
}

@mastersthesis{赵占伟2011水声通信网络,
	title={水声通信网络 MAC 协议研究},
	author={赵占伟},
	year={2011},
	school={哈尔滨工程大学}
}

@article{徐文2016海洋信息获取,
	title={海洋信息获取, 传输, 处理及融合前沿研究评述},
	author={徐文 and 鄢社锋 and 季飞 and 陈景东 and 张杰 and 赵航芳 and 陈戈 and 吴永清 and 余华 and 张歆 and others},
	journal={中国科学 (信息科学)},
	volume={46},
	number={8},
	pages={1053--1085},
	year={2016}
}

@article{bianchi2000performance,
	title={Performance analysis of the IEEE 802.11 distributed coordination function},
	author={Bianchi, Giuseppe},
	journal={IEEE Journal on selected areas in communications},
	volume={18},
	number={3},
	pages={535--547},
	year={2000},
	publisher={IEEE}
}

@article{kleinrock1975packet,
	title={Packet switching in radio channels: Part I--Carrier sense multiple-access modes and their throughput-delay characteristics},
	author={Kleinrock, Leonard and Tobagi, Fouad},
	journal={IEEE transactions on Communications},
	volume={23},
	number={12},
	pages={1400--1416},
	year={1975},
	publisher={IEEE}
}

@book{noh2012mac,
	title={MAC and Routing Protocols for Mobile Underwater Acoustic Sensor Swarms},
	author={Noh, Young Tae},
	year={2012},
	publisher={University of California, Los Angeles}
}

@phdthesis{范光宇2015水声传感网络的媒体接入控制技术,
	title={水声传感网络的媒体接入控制技术},
	author={范光宇},
	year={2015},
	school={浙江大学}
}