@article{noh2014dots,
	title={DOTS: A propagation delay-aware opportunistic MAC protocol for mobile underwater networks},
	author={Noh, Youngtae and Lee, Uichin and Han, Seongwon and Wang, Paul and Torres, Dustin and Kim, Jinwhan and Gerla, Mario},
	journal={IEEE Transactions on Mobile Computing},
	volume={13},
	number={4},
	pages={766--782},
	year={2014},
	publisher={IEEE}
}

@inproceedings{mao2016ltm,
	title={LTM-MAC: A location-based TDMA MAC protocol for mobile underwater networks},
	author={Mao, Jia and Chen, Shumin and Yu, Juntao and Gu, Yifan and Yu, Rui and Xu, Yuanxin},
	booktitle={OCEANS 2016-Shanghai},
	pages={1--5},
	year={2016},
	organization={IEEE}
}

@inproceedings{deng2017hybrid,
	title={A hybrid MAC protocol in data-collection-oriented underwater acoustic sensor networks},
	author={Deng, Min and Chen, Huifang and Xie, Lei},
	booktitle={OCEANS 2017-Aberdeen},
	pages={1--7},
	year={2017},
	organization={IEEE}
}

@article{Zhang2016Dynamic,
	title={Dynamic Node Cooperation in an Underwater Data Collection Network},
	author={Zhang, Yuzhi and Chen, Yougan and Zhou, Shengli and Xu, Xiaomei and Shen, Xiaohong and Wang, Haiyan},
	journal={IEEE Sensors Journal},
	volume={16},
	number={11},
	pages={4127-4136},
	year={2016},
}

@article{kleinrock1975packet,
	title={Packet switching in radio channels: Part I--Carrier sense multiple-access modes and their throughput-delay characteristics},
	author={Kleinrock, Leonard and Tobagi, Fouad},
	journal={IEEE transactions on Communications},
	volume={23},
	number={12},
	pages={1400--1416},
	year={1975},
	publisher={IEEE}
}

@inproceedings{xie2009aqua,
	title={Aqua-Sim: An NS-2 based simulator for underwater sensor networks},
	author={Xie, Peng and Zhou, Zhong and Peng, Zheng and Yan, Hai and Hu, Tiansi and Cui, Jun-Hong and Shi, Zhijie and Fei, Yunsi and Zhou, Shengli},
	booktitle={OCEANS 2009, MTS/IEEE biloxi-marine technology for our future: global and local challenges},
	pages={1--7},
	year={2009},
	organization={IEEE}
}

@inproceedings{molins2007slotted,
	title={Slotted FAMA: a MAC protocol for underwater acoustic networks},
	author={Molins, Marcal and Stojanovic, Milica},
	booktitle={OCEANS 2006-Asia Pacific},
	pages={1--7},
	year={2007},
	organization={IEEE}
}

@article{cho2016network,
	title={Network Allocation Vector (NAV) Optimization for Underwater Handshaking-Based Protocols},
	author={Cho, Junho and Shitiri, Ethungshan and Cho, Ho-Shin},
	journal={Sensors},
	volume={17},
	number={1},
	pages={32},
	year={2016},
	publisher={Multidisciplinary Digital Publishing Institute}
}

@article{de2011characterization,
	title={On the characterization of Aloha in underwater wireless networks},
	author={De, Swades and Mandal, Priyatosh and Chakraborty, Shyam S},
	journal={Mathematical and Computer Modelling},
	volume={53},
	number={11-12},
	pages={2093--2107},
	year={2011},
	publisher={Elsevier}
}

@inproceedings{salva2003multi,
	title={Multi-cluster protocol for ad hoc mobile underwater acoustic networks},
	author={Salva-Garau, Francisco and Stojanovic, Milica},
	booktitle={OCEANS 2003. Proceedings},
	volume={1},
	pages={91--98},
	year={2003},
	organization={IEEE}
}

@article{partan2007survey,
	title={A survey of practical issues in underwater networks},
	author={Partan, Jim and Kurose, Jim and Levine, Brian Neil},
	journal={ACM SIGMOBILE Mobile Computing and Communications Review},
	volume={11},
	number={4},
	pages={23--33},
	year={2007},
	publisher={ACM}
}

@article{cui2006challenges,
	title={The challenges of building mobile underwater wireless networks for aquatic applications},
	author={Cui, Jun-Hong and Kong, Jiejun and Gerla, Mario and Zhou, Shengli},
	journal={Ieee Network},
	volume={20},
	number={3},
	pages={12--18},
	year={2006},
	publisher={IEEE}
}

@inproceedings{vasilescu2005data,
	title={Data collection, storage, and retrieval with an underwater sensor network},
	author={Vasilescu, Iuliu and Kotay, Keith and Rus, Daniela and Dunbabin, Matthew and Corke, Peter},
	booktitle={Proceedings of the 3rd international conference on Embedded networked sensor systems},
	pages={154--165},
	year={2005},
	organization={ACM}
}
